<?xml version="1.0" encoding="UTF-8"?><collection xmlns="http://www.loc.gov/MARC21/slim"><record><leader>00415nam--2200157-i-4500</leader><controlfield tag="001">000048437</controlfield><controlfield tag="002">20161230</controlfield><controlfield tag="005">20170105235317</controlfield><controlfield tag="008">060222s1000------------r-----000-0-eng-d</controlfield><datafield ind1=" " ind2=" " tag="100"><subfield code="a">Aven, O. I</subfield></datafield><datafield ind1=" " ind2=" " tag="245"><subfield code="a">Beskontaktnye ispolnitelnye ustroistva promyshlennoi avtomatiki</subfield></datafield><datafield ind1=" " ind2=" " tag="260"><subfield code="a">Moskva</subfield><subfield code="b">Gosenergoizdat</subfield><subfield code="c">1960</subfield></datafield><datafield ind1=" " ind2=" " tag="300"><subfield code="a">343 p</subfield></datafield><datafield ind1=" " ind2=" " tag="700"><subfield code="a">Domanitkii, S. M</subfield></datafield><datafield ind1=" " ind2=" " tag="852"><subfield code="a">7115</subfield></datafield><datafield ind1=" " ind2=" " tag="CAT"><subfield code="a">SYS</subfield><subfield code="c">20170105</subfield><subfield code="h">235317</subfield></datafield></record></collection>